%YAML 1.1
%TAG !u! tag:unity3d.com,2011:
--- !u!114 &-7582666802540010685
MonoBehaviour:
  m_ObjectHideFlags: 0
  m_CorrespondingSourceObject: {fileID: 0}
  m_PrefabInstance: {fileID: 0}
  m_PrefabAsset: {fileID: 0}
  m_GameObject: {fileID: 0}
  m_Enabled: 1
  m_EditorHideFlags: 0
  m_Script: {fileID: 11500000, guid: c18180ecb35941f4682ae60107b85b7c, type: 3}
  m_Name: bank:/Master.bank
  m_EditorClassIdentifier: 
  Path: ../FMOD_PROJECT/Kapshul_HT2_VIKING_GIT_TEST_FMOD/Build/Desktop/Master.bank
  Name: Master
  StudioPath: bank:/Master
  lastModified: 637873706931780920
  FileSizes:
  - Name: Desktop
    Value: 1012
  Exists: 1
--- !u!114 &-2819826555685864041
MonoBehaviour:
  m_ObjectHideFlags: 0
  m_CorrespondingSourceObject: {fileID: 0}
  m_PrefabInstance: {fileID: 0}
  m_PrefabAsset: {fileID: 0}
  m_GameObject: {fileID: 0}
  m_Enabled: 1
  m_EditorHideFlags: 0
  m_Script: {fileID: 11500000, guid: c18180ecb35941f4682ae60107b85b7c, type: 3}
  m_Name: bank:/Master.strings.bank
  m_EditorClassIdentifier: 
  Path: ../FMOD_PROJECT/Kapshul_HT2_VIKING_GIT_TEST_FMOD/Build/Desktop/Master.strings.bank
  Name: Master.strings
  StudioPath: bank:/Master.strings
  lastModified: 637873706931790929
  FileSizes:
  - Name: Desktop
    Value: 998
  Exists: 1
--- !u!114 &-1147866492703154941
MonoBehaviour:
  m_ObjectHideFlags: 0
  m_CorrespondingSourceObject: {fileID: 0}
  m_PrefabInstance: {fileID: 0}
  m_PrefabAsset: {fileID: 0}
  m_GameObject: {fileID: 0}
  m_Enabled: 1
  m_EditorHideFlags: 0
  m_Script: {fileID: 11500000, guid: ceb653cd98e289a4e8697a1af55201f2, type: 3}
  m_Name: event:/Ambience/torch/amb_torch_hi
  m_EditorClassIdentifier: 
  Path: event:/Ambience/torch/amb_torch_hi
  guid: 9ddf33c9922ae34cb178376f81d42d97
  Banks:
  - {fileID: 8919280198703530703}
  IsStream: 1
  Is3D: 1
  IsOneShot: 0
  Parameters: []
  MinDistance: 1
  MaxDistance: 8.400001
  Length: 7742
--- !u!114 &-232301305115072574
MonoBehaviour:
  m_ObjectHideFlags: 0
  m_CorrespondingSourceObject: {fileID: 0}
  m_PrefabInstance: {fileID: 0}
  m_PrefabAsset: {fileID: 0}
  m_GameObject: {fileID: 0}
  m_Enabled: 1
  m_EditorHideFlags: 0
  m_Script: {fileID: 11500000, guid: c18180ecb35941f4682ae60107b85b7c, type: 3}
  m_Name: bank:/Character_Bank.bank
  m_EditorClassIdentifier: 
  Path: ../FMOD_PROJECT/Kapshul_HT2_VIKING_GIT_TEST_FMOD/Build/Desktop/Character_Bank.bank
  Name: Character_Bank
  StudioPath: bank:/Character_Bank
  lastModified: 637873706932020013
  FileSizes:
  - Name: Desktop
    Value: 238080
  Exists: 1
--- !u!114 &11400000
MonoBehaviour:
  m_ObjectHideFlags: 0
  m_CorrespondingSourceObject: {fileID: 0}
  m_PrefabInstance: {fileID: 0}
  m_PrefabAsset: {fileID: 0}
  m_GameObject: {fileID: 0}
  m_Enabled: 1
  m_EditorHideFlags: 0
  m_Script: {fileID: 11500000, guid: d32cf7c32a3ed8347bac48ef5ed56d82, type: 3}
  m_Name: FMODStudioCache
  m_EditorClassIdentifier: 
  EditorBanks:
  - {fileID: -2819826555685864041}
  - {fileID: 8919280198703530703}
  - {fileID: -7582666802540010685}
  - {fileID: -232301305115072574}
  EditorEvents:
  - {fileID: 3855591371705658745}
  - {fileID: -1147866492703154941}
  - {fileID: 8811386713560805757}
  EditorParameters: []
  MasterBanks:
  - {fileID: -7582666802540010685}
  StringsBanks:
  - {fileID: -2819826555685864041}
  stringsBankWriteTime: 637873706931790929
  cacheVersion: 8
--- !u!114 &3855591371705658745
MonoBehaviour:
  m_ObjectHideFlags: 0
  m_CorrespondingSourceObject: {fileID: 0}
  m_PrefabInstance: {fileID: 0}
  m_PrefabAsset: {fileID: 0}
  m_GameObject: {fileID: 0}
  m_Enabled: 1
  m_EditorHideFlags: 0
  m_Script: {fileID: 11500000, guid: ceb653cd98e289a4e8697a1af55201f2, type: 3}
  m_Name: event:/Ambience/wind/AMB-wind
  m_EditorClassIdentifier: 
  Path: event:/Ambience/wind/AMB-wind
  guid: 4847c4e21e8aa849beecdac62e558708
  Banks:
  - {fileID: 8919280198703530703}
  IsStream: 1
  Is3D: 0
  IsOneShot: 0
  Parameters: []
  MinDistance: 0
  MaxDistance: 0
  Length: 75999
--- !u!114 &5109982886448240958
MonoBehaviour:
  m_ObjectHideFlags: 0
  m_CorrespondingSourceObject: {fileID: 0}
  m_PrefabInstance: {fileID: 0}
  m_PrefabAsset: {fileID: 0}
  m_GameObject: {fileID: 0}
  m_Enabled: 1
  m_EditorHideFlags: 0
  m_Script: {fileID: 11500000, guid: ceb653cd98e289a4e8697a1af55201f2, type: 3}
  m_Name: event:/Ambience/amb_torch_hi
  m_EditorClassIdentifier: 
  Path: event:/Ambience/amb_torch_hi
  guid: 9ddf33c9922ae34cb178376f81d42d97
  Banks: []
  IsStream: 0
  Is3D: 1
  IsOneShot: 1
  Parameters: []
  MinDistance: 1
  MaxDistance: 8.400001
  Length: 2442
--- !u!114 &8811386713560805757
MonoBehaviour:
  m_ObjectHideFlags: 0
  m_CorrespondingSourceObject: {fileID: 0}
  m_PrefabInstance: {fileID: 0}
  m_PrefabAsset: {fileID: 0}
  m_GameObject: {fileID: 0}
  m_Enabled: 1
  m_EditorHideFlags: 0
  m_Script: {fileID: 11500000, guid: ceb653cd98e289a4e8697a1af55201f2, type: 3}
  m_Name: event:/Character/Footsteps/walk_footsteps
  m_EditorClassIdentifier: 
  Path: event:/Character/Footsteps/walk_footsteps
  guid: 1b8c1ca205be244e949c4e85768d0cf5
  Banks:
  - {fileID: -232301305115072574}
  IsStream: 0
  Is3D: 0
  IsOneShot: 1
  Parameters: []
  MinDistance: 0
  MaxDistance: 0
  Length: 980
--- !u!114 &8919280198703530703
MonoBehaviour:
  m_ObjectHideFlags: 0
  m_CorrespondingSourceObject: {fileID: 0}
  m_PrefabInstance: {fileID: 0}
  m_PrefabAsset: {fileID: 0}
  m_GameObject: {fileID: 0}
  m_Enabled: 1
  m_EditorHideFlags: 0
  m_Script: {fileID: 11500000, guid: c18180ecb35941f4682ae60107b85b7c, type: 3}
  m_Name: bank:/Ambience_Bank.bank
  m_EditorClassIdentifier: 
  Path: ../FMOD_PROJECT/Kapshul_HT2_VIKING_GIT_TEST_FMOD/Build/Desktop/Ambience_Bank.bank
  Name: Ambience_Bank
  StudioPath: bank:/Ambience_Bank
  lastModified: 637873706931770914
  FileSizes:
  - Name: Desktop
    Value: 1288736
  Exists: 1
